
@Book{rabbitmq,
  author = 	 {Videla, A. and Williams, J.J.W.},
  ALTeditor = 	 {},
  title = 	 {{RabbitMQ in Action}},
  publisher = 	 {Manning},
  year = 	 {2011},
  OPTkey = 	 {},
  OPTvolume = 	 {},
  OPTnumber = 	 {},
  OPTseries = 	 {},
  OPTaddress = 	 {},
  OPTedition = 	 {},
  OPTmonth = 	 {},
  OPTnote = 	 {},
  annote = 	 {ps:RabbitMQ:AMQP}
}

@Book{ebs,
  author = 	 {Mühl, G. and Fiege, L. and Pietzuch, P.R.},
  ALTeditor = 	 {},
  title = 	 {{Distributed Event-Based Systems}},
  publisher = 	 {Springer},
  year = 	 {2006},
  OPTkey = 	 {},
  OPTvolume = 	 {},
  OPTnumber = 	 {},
  OPTseries = 	 {},
  OPTaddress = 	 {},
  OPTedition = 	 {},
  OPTmonth = 	 {},
  OPTnote = 	 {},
  OPTannote = 	 {}
}

@TechReport{amqp,
  author = 	 {{AMQP Consortium}},
  title = 	 {{AMQP: Advanced Message Queuing Protocol, Version 0-9-1}},
  institution =  {AMQP Consortium},
  year = 	 {2008},
  OPTkey = 	 {},
  type = 	 {Protocol Specification},
  OPTnumber = 	 {},
  OPTaddress = 	 {},
  month = 	 nov,
  OPTnote = 	 {},
  OPTannote = 	 {ps:AMQP}
}
